%Meine verwendeten Quellen
%manuell hier erstellt
%----------------------------- Literatur Master Thesis -----------------------
@inproceedings{richards2013fast,
  title={Fast model predictive control with soft constraints},
  author={Richards, Arthur},
  booktitle={Control Conference (ECC), 2013 European},
  pages={1--6},
  year={2013},
  organization={IEEE}
}

@article{mayne2000constrained,
  title={Constrained model predictive control: Stability and optimality},
  author={Mayne, David Q and Rawlings, James B and Rao, Christopher V and Scokaert, Pierre OM},
  journal={Automatica},
  volume={36},
  number={6},
  pages={789--814},
  year={2000},
  publisher={Elsevier}
}

@inproceedings{kreisselmeier1979systematic,
  title={Systematic control design by optimizing a vector performance index},
  author={Kreisselmeier, G},
  booktitle={IFAC Symp. Computer Aided Design of Control Systems, Zurich, Switzerland, 1979},
  year={1979}
}

@inproceedings{kerrigan2000soft,
  title={Soft constraints and exact penalty functions in model predictive control},
  author={Kerrigan, Eric C and Maciejowski, Jan M},
  booktitle={Control 2000 Conference, Cambridge},
  year={2000}
}

@INPROCEEDINGS{lucia2015efficient,
  author = {Sergio Lucia and Pablo Zometa and Markus K{\"o}gel and Rolf Findeisen},
  title = {{Efficient stochastic model predictive control based on polynomial
	chaos expansions for embedded applications}},
  booktitle = {Proceedings of the 54th IEEE Conference on Decision and Control (In
	press)},
  year = {2015}
}

@book{boyd2004convex,
  title={Convex optimization},
  author={Boyd, Stephen and Vandenberghe, Lieven},
  year={2004},
  publisher={Cambridge university press}
}

@article{wang2010fast,
  title={Fast model predictive control using online optimization},
  author={Wang, Yang and Boyd, Stephen},
  journal={Control Systems Technology, IEEE Transactions on},
  volume={18},
  number={2},
  pages={267--278},
  year={2010},
  publisher={IEEE}
}

@article{maros1999repository,
  title={A repository of convex quadratic programming problems},
  author={Maros, Istvan and M{\'e}sz{\'a}ros, Csaba},
  journal={Optimization Methods and Software},
  volume={11},
  number={1-4},
  pages={671--681},
  year={1999},
  publisher={Taylor \& Francis}
}

@article{mattingley2012cvxgen,
  title={CVXGEN: a code generator for embedded convex optimization},
  author={Mattingley, Jacob and Boyd, Stephen},
  journal={Optimization and Engineering},
  volume={13},
  number={1},
  pages={1--27},
  year={2012},
  publisher={Springer}
}

@book{adamy2009nichtlineare,
  title={Nichtlineare Regelungen},
  author={Adamy, J{\"u}rgen},
  year={2009},
  publisher={Springer-Verlag}
}

@book{schwarz2011numerische,
  title={Numerische mathematik},
  author={Schwarz, Hans Rudolf and K{\"o}ckler, Norbert},
  year={2011},
  publisher={Springer-Verlag}
}

%----------------------------------unten Barbeit---------------------------------------------------
@BOOK{MEY12,
	title = {Kommunikationstechnik - Konzepte der modernen Nachrichtenübertragung},
	publisher = {Vieweg+Teubner Verlag},
	year = {2012},
	editor = {},
	author = {Meyer, Martin},
	timestamp = {2012.09.14}
}
%{4. Auflage}, Weiß nicht ob editor das richtige Feld für die Auflage ist.

@BOOK{GUS11,
	title = {Hochfrequenztechnik - Grundlagen der mobilen Kommunikation},
	publisher = {Carl Hanser Verlag},
	year = {2011},
	editor = {},
	author = {Gustrau, Frank},
	timestamp = {2012.09.14}
}

@BOOK{BEN08,
	title = {Grundlagen des Mobilfunks},
	publisher = {J. Schlembach Fachverlag},
	year = {2007},
	editor = {},
	author = {Benkner, Thorsten},
	timestamp = {2012.09.14}
}

@PHDTHESIS{SCH12,
	title = {Draft: Modellierung des Zeit- und Fehlerverhaltens industrieller Funklösungen zur Bewertung der Koexistenz},
	year = {2012},
	author = {Schimschar, André},
	timestamp = {2012.09.14}
}

@STANDARD{ETS12,
  title = {Electromagnetic compatibility and Radio spectrum Matters (ERM); Wideband transmission systems; Data transmission equipment operating in the 2,4 GHz ISM band and using wide band modulation techniques; Harmonized EN covering the essential requirements of article 3.2 of the R{\&}TTE Directive},
  year = {2012},
  author = {EN 300 328 V1.8.1 ETSI},
  institution = {Andere}
}

@BOOK{STE05,
	title = {Drahtlose Netze},
	publisher = {J. Schlembach Fachverlag},
	year = {2005},
	editor = {},
	author = {Stepping, Christoph},
	timestamp = {2012.10.29}
}

@STANDARD{REC10,
	title = {Characteristics of broadband radio
local area networks},
	year = {2010},
	author = {ITU-R M.1450-4 Recommendation},
	institution = {Andere}
}

@STANDARD{HEN97,
	title = {Radiocommunications Agency
Radio Technology {\&} Compatibility Group - Building Shielding Loss at 5GHz. Amended Report, RTCG Project no. 424},
	year = {1997},
	author = {Annette Henley and Steve Bond},
	institution = {Andere}
}

@STANDARD{ITU02,
  title = {Report SM.2028-1: Monte Carlo simulation methodology for the use in sharing and compatibility studies between different radio services or systems},
  author = {ITU-R},
  institution = {ITU-R},
  year = {2002},
  timestamp = {2012.11.08}
}

@REPORT{KMH+07,
	title = {WINNER II Channel Models},
	author = {Pekka Kyösti and Juha Meinilä and Lassi Hentilä and Xiongwen Zhao and Tommi Jämsä and Christian Schneider and Milan Narandziæ and Marko Milojeviæ and Aihua Hong and Juha Ylitalo and  Veli-Matti Holappa and Mikko Alatossava and Robert Bultitude and Yvo de Jong and Terhi Rautiainen},
	institution = {WINNER},
	year = {2007},
	timestamp = {2012.11.12}
}
	
@PAPER{GK01,
	title = {Comms/CPN : A Communication Infrastructure for External Communication with Design/CPN},
	author = {Guy Gallasch and Lars Michael Kristensen},
	year = {2001},
	timestamp = {2013.01.07} 
}

@BOOK{JK09,
	title = {Coloured Petri Nets},
	publisher = {Springer-Verlag},
	year = {2009},
	editor = {},
	author = {Kurt Jensen and Lars Michael Kristensen},
	timestamp = {2012.10.29}
}

@MISC{STG13,
    title = {Online SEAMCAT User Manual},
    lastchecked = {05\,03\,2013},
    author = {{SEAMCAT Technical Group}},
    url = {http://tractool.seamcat.org/wiki/Manual},
    timestamp = {2013.03.05}
}

@PAPER{ZVE08,
	title = {Koexistenz von Funksystemen in der Automatisierungstechnik - Erläuterungungen zum zuverlässigen Parallelbetrieb von Funklösungen},
	author = {{ZVEI - Zentralverband Elektrotechnik- und Elektroindustrie e.V. - Fachverband Automation}},
	year = {2008},
	timestamp = {2013.01.07} 
}